@article{menegola2017knowledge,
  title={Knowledge Transfer for Melanoma Screening with Deep Learning},
  author={Menegola, Afonso and Fornaciali, Michel and Pires, Ramon and Vasques Bittencourt, Fl{'a}via and Avila, Sandra and Valle, Eduardo},
  journal={arXiv preprint arXiv:1703.07479},
  year={2017}
}

@article{ha2020efficientnet,
  title={Identifying Melanoma Images using EfficientNet Ensemble: Winning Solution to the SIIM-ISIC Melanoma Classification Challenge},
  author={Ha, Qishen and Liu, Bo and Liu, Fuxu},
  journal={arXiv preprint arXiv:2010.05351},
  year={2020}
}

@article{disanto2022contextual,
  title={Leveraging Contextual Data Augmentation for Generalizable Melanoma Detection},
  author={DiSanto, Nick and Harding, Gavin and Martinez, Ethan and Sanders, Benjamin},
  journal={arXiv preprint arXiv:2212.05116},
  year={2022}
}

@article{fedus2021switch,
  title={Switch Transformers: Scaling to Trillion Parameter Models with Simple and Efficient Sparsity},
  author={Fedus, William and Zoph, Barret and Shazeer, Noam},
  journal={arXiv preprint arXiv:2101.03961},
  year={2021}
}

@article{riquelme2021scaling,
  title={Scaling Vision with Sparse Mixture of Experts},
  author={Riquelme, Carlos and Puigcerver, Joan and Mustafa, Basil and Eyjolfsd{'o}ttir, Hreinn and Campbell, Margaret and Connelly, Jamie and Fergus, Rob},
  journal={arXiv preprint arXiv:2106.05974},
  year={2021}
}

@article{tschandl2018ham10000,
  title={The HAM10000 dataset, a large collection of multi-source dermatoscopic images of common pigmented skin lesions},
  author={Tschandl, Philipp and Rosendahl, Christian and Kittler, Harald},
  journal={Scientific Data},
  volume={5},
  pages={180161},
  year={2018},
  doi={10.1038/sdata.2018.161}
}

@article{codella2018skin,
  title={Skin Lesion Analysis Toward Melanoma Detection 2018: A Challenge Hosted by the International Skin Imaging Collaboration (ISIC)},
  author={Codella, Noel and Rotemberg, Veronica and Tschandl, Philipp and Celebi, M. Emre and Dusza, Stephen and Gutman, David and Helba, Brian and Kalloo, Aadi and Liopyris, Konstantinos and Marchetti, Michael and Kittler, Harald and Halpern, Allan},
  journal={arXiv preprint arXiv:1902.03368},
  year={2019}
}

@article{jacobs1991adaptive,
  title={Adaptive mixtures of local experts},
  author={Jacobs, Robert A. and Jordan, Michael I. and Nowlan, Steven J. and Hinton, Geoffrey E.},
  journal={Neural Computation},
  volume={3},
  number={1},
  pages={79--87},
  year={1991}
}

@inproceedings{shazeer2017outrageously,
  title={Outrageously Large Neural Networks: The Sparsely-Gated Mixture-of-Experts Layer},
  author={Shazeer, Noam and Mirhoseini, Azalia and Maziarz, Krzysztof and Davis, Andy and Le, Quoc V. and Hinton, Geoffrey E. and Dean, Jeff},
  booktitle={International Conference on Learning Representations (ICLR)},
  year={2017},
  url={https://arxiv.org/abs/1701.06538}
}

@article{shazeer2017experts,
  author = {Shazeer, Noam and Mirhoseini, Azalia and Maziarz, Krzysztof and Davis, Andy and Le, Quoc and Hinton, Geoffrey and Dean, Jeff},
  title = {The Sparsely-Gated Mixture-of-Experts Layer},
  journal = {arXiv preprint arXiv:1701.06538},
  year = {2017},
}

@incollection{shazeer2017loadbalancing,
  author    = {Shazeer, Noam and Mirhoseini, Azalia and Maziarz, Krzysztof and Davis, Andy and Le, Quoc and Hinton, Geoffrey and Dean, Jeff},
  title     = {Balanced Mixture-of-Experts and Load-Balancing Penalty},
  booktitle = {Deep Learning on Large-Scale Data},
  year      = {2017},
  publisher = {ACM},
  pages     = {123--134},
}

@inproceedings{dosovitskiy2021animage,
  author    = {Alexey Dosovitskiy and Lucas Beyer and Alexander Kolesnikov and Dirk Weissenborn and Xiaohua Zhai and Thomas Unterthiner and Mostafa Dehghani and Matthias Minderer and Georg Heigold and Sylvain Gelly and Jakob Uszkoreit and Neil Houlsby},
  title     = {An Image is Worth 16x16 Words: Transformers for Image Recognition at Scale},
  booktitle = {International Conference on Learning Representations (ICLR)},
  year      = {2021},
  url       = {https://arxiv.org/abs/2010.11929}
}

@article{hinton2015distilling,
  author    = {Geoffrey Hinton and Oriol Vinyals and Jeff Dean},
  title     = {Distilling the Knowledge in a Neural Network},
  journal   = {arXiv preprint arXiv:1503.02531},
  year      = {2015},
  url       = {https://arxiv.org/abs/1503.02531}
}

@inproceedings{redmon2016yolo,
  author    = {Joseph Redmon and Santosh Divvala and Ross Girshick and Ali Farhadi},
  title     = {You Only Look Once: Unified, Real-Time Object Detection},
  booktitle = {IEEE Conference on Computer Vision and Pattern Recognition (CVPR)},
  year      = {2016},
  pages     = {779--788},
  doi       = {10.1109/CVPR.2016.91}
}

@article{lecun2015deep,
  author    = {Yann LeCun and Yoshua Bengio and Geoffrey Hinton},
  title     = {Deep Learning},
  journal   = {Nature},
  volume    = {521},
  number    = {7553},
  pages     = {436--444},
  year      = {2015},
  doi       = {10.1038/nature14539}
}

@article{brinker2020comparative,
  author    = {T. Brinker and M. Hekler and S. Utikal and F. C. Blum and N. Berking and C. Hauschild and C. Weichenthal and A. Enk and J. P. Schmid},
  title     = {A Comparative Study of Convolutional Neural Networks for Skin Cancer Detection in Dermoscopic Images},
  journal   = {IEEE Journal of Biomedical and Health Informatics},
  volume    = {24},
  number    = {4},
  pages     = {1240--1245},
  year      = {2020},
  doi       = {10.1109/JBHI.2020.2968744}
}

@inproceedings{krizhevsky2012imagenet,
  author    = {Alex Krizhevsky and Ilya Sutskever and Geoffrey E. Hinton},
  title     = {ImageNet Classification with Deep Convolutional Neural Networks},
  booktitle = {Advances in Neural Information Processing Systems (NIPS)},
  year      = {2012},
  pages     = {1097--1105}
}

@article{litjens2017survey,
  author    = {Geert Litjens and Thijs Kooi and Babak Ehteshami Bejnordi and Arnaud Arindra Adiyoso Setio and Francesco Ciompi and Mohsen Ghafoorian and Jeroen A. W. M. van der Laak and Bram van Ginneken and Clara I. S{'a}nchez},
  title     = {A Survey on Deep Learning in Medical Image Analysis},
  journal   = {Med. Image Anal.},
  volume    = {42},
  pages     = {60--88},
  year      = {2017},
  month     = {Dec},
  doi       = {10.1016/j.media.2017.07.005}
}

@article{ren2017faster,
  title={Faster R-CNN: Towards Real-Time Object Detection with Region Proposal Networks},
  author={Ren, Shaoqing and He, Kaiming and Girshick, Ross and Sun, Jian},
  journal={IEEE Trans. Pattern Anal. Mach. Intell.},
  year={2017},
  volume={39},
  number={6},
  pages={1137--1149},
  month={Jun},
  doi={10.1109/TPAMI.2016.2577031}
}

@inproceedings{kingma2015adam,
  title={Adam: A Method for Stochastic Optimization},
  author={Kingma, Diederik P. and Ba, Jimmy},
  booktitle={Proc. Int. Conf. Learn. Representations (ICLR)},
  year={2015}
}